%YAML 1.1
%TAG !u! tag:unity3d.com,2011:
--- !u!29 &1
OcclusionCullingSettings:
  m_ObjectHideFlags: 0
  serializedVersion: 2
  m_OcclusionBakeSettings:
    smallestOccluder: 5
    smallestHole: 0.25
    backfaceThreshold: 100
  m_SceneGUID: 00000000000000000000000000000000
  m_OcclusionCullingData: {fileID: 0}
--- !u!104 &2
RenderSettings:
  m_ObjectHideFlags: 0
  serializedVersion: 8
  m_Fog: 0
  m_FogColor: {r: 0.5, g: 0.5, b: 0.5, a: 1}
  m_FogMode: 3
  m_FogDensity: 0.01
  m_LinearFogStart: 0
  m_LinearFogEnd: 300
  m_AmbientSkyColor: {r: 0.212, g: 0.227, b: 0.259, a: 1}
  m_AmbientEquatorColor: {r: 0.114, g: 0.125, b: 0.133, a: 1}
  m_AmbientGroundColor: {r: 0.047, g: 0.043, b: 0.035, a: 1}
  m_AmbientIntensity: 1
  m_AmbientMode: 0
  m_SubtractiveShadowColor: {r: 0.42, g: 0.478, b: 0.627, a: 1}
  m_SkyboxMaterial: {fileID: 10304, guid: 0000000000000000f000000000000000, type: 0}
  m_HaloStrength: 0.5
  m_FlareStrength: 1
  m_FlareFadeSpeed: 3
  m_HaloTexture: {fileID: 0}
  m_SpotCookie: {fileID: 10001, guid: 0000000000000000e000000000000000, type: 0}
  m_DefaultReflectionMode: 0
  m_DefaultReflectionResolution: 128
  m_ReflectionBounces: 1
  m_ReflectionIntensity: 1
  m_CustomReflection: {fileID: 0}
  m_Sun: {fileID: 0}
  m_IndirectSpecularColor: {r: 0.030205896, g: 0.02003732, b: 0.006834359, a: 1}
--- !u!157 &3
LightmapSettings:
  m_ObjectHideFlags: 0
  serializedVersion: 11
  m_GIWorkflowMode: 0
  m_GISettings:
    serializedVersion: 2
    m_BounceScale: 1
    m_IndirectOutputScale: 1
    m_AlbedoBoost: 1
    m_TemporalCoherenceThreshold: 1
    m_EnvironmentLightingMode: 0
    m_EnableBakedLightmaps: 1
    m_EnableRealtimeLightmaps: 1
  m_LightmapEditorSettings:
    serializedVersion: 9
    m_Resolution: 2
    m_BakeResolution: 40
    m_TextureWidth: 1024
    m_TextureHeight: 1024
    m_AO: 0
    m_AOMaxDistance: 1
    m_CompAOExponent: 1
    m_CompAOExponentDirect: 0
    m_Padding: 2
    m_LightmapParameters: {fileID: 0}
    m_LightmapsBakeMode: 1
    m_TextureCompression: 1
    m_FinalGather: 0
    m_FinalGatherFiltering: 1
    m_FinalGatherRayCount: 256
    m_ReflectionCompression: 2
    m_MixedBakeMode: 2
    m_BakeBackend: 0
    m_PVRSampling: 1
    m_PVRDirectSampleCount: 32
    m_PVRSampleCount: 500
    m_PVRBounces: 2
    m_PVRFiltering: 0
    m_PVRFilteringMode: 1
    m_PVRCulling: 1
    m_PVRFilteringGaussRadiusDirect: 1
    m_PVRFilteringGaussRadiusIndirect: 5
    m_PVRFilteringGaussRadiusAO: 2
    m_PVRFilteringAtrousColorSigma: 1
    m_PVRFilteringAtrousNormalSigma: 1
    m_PVRFilteringAtrousPositionSigma: 1
  m_LightingDataAsset: {fileID: 0}
  m_UseShadowmask: 1
--- !u!196 &4
NavMeshSettings:
  serializedVersion: 2
  m_ObjectHideFlags: 0
  m_BuildSettings:
    serializedVersion: 2
    agentTypeID: 0
    agentRadius: 0.5
    agentHeight: 2
    agentSlope: 45
    agentClimb: 0.4
    ledgeDropHeight: 0
    maxJumpAcrossDistance: 0
    minRegionArea: 2
    manualCellSize: 0
    cellSize: 0.16666667
    manualTileSize: 0
    tileSize: 256
    accuratePlacement: 0
  m_NavMeshData: {fileID: 0}
--- !u!1 &48589755
GameObject:
  m_ObjectHideFlags: 0
  m_PrefabParentObject: {fileID: 0}
  m_PrefabInternal: {fileID: 0}
  serializedVersion: 5
  m_Component:
  - component: {fileID: 48589759}
  - component: {fileID: 48589758}
  - component: {fileID: 48589757}
  - component: {fileID: 48589756}
  m_Layer: 0
  m_Name: Cube
  m_TagString: Untagged
  m_Icon: {fileID: 0}
  m_NavMeshLayer: 0
  m_StaticEditorFlags: 0
  m_IsActive: 1
--- !u!23 &48589756
MeshRenderer:
  m_ObjectHideFlags: 0
  m_PrefabParentObject: {fileID: 0}
  m_PrefabInternal: {fileID: 0}
  m_GameObject: {fileID: 48589755}
  m_Enabled: 1
  m_CastShadows: 1
  m_ReceiveShadows: 1
  m_MotionVectors: 1
  m_LightProbeUsage: 1
  m_ReflectionProbeUsage: 1
  m_Materials:
  - {fileID: 2100000, guid: e14891514401b18469a93d5d5ac50caf, type: 2}
  m_StaticBatchInfo:
    firstSubMesh: 0
    subMeshCount: 0
  m_StaticBatchRoot: {fileID: 0}
  m_ProbeAnchor: {fileID: 0}
  m_LightProbeVolumeOverride: {fileID: 0}
  m_ScaleInLightmap: 1
  m_PreserveUVs: 1
  m_IgnoreNormalsForChartDetection: 0
  m_ImportantGI: 0
  m_SelectedEditorRenderState: 3
  m_MinimumChartSize: 4
  m_AutoUVMaxDistance: 0.5
  m_AutoUVMaxAngle: 89
  m_LightmapParameters: {fileID: 0}
  m_SortingLayerID: 0
  m_SortingLayer: 0
  m_SortingOrder: 0
--- !u!65 &48589757
BoxCollider:
  m_ObjectHideFlags: 0
  m_PrefabParentObject: {fileID: 0}
  m_PrefabInternal: {fileID: 0}
  m_GameObject: {fileID: 48589755}
  m_Material: {fileID: 0}
  m_IsTrigger: 0
  m_Enabled: 1
  serializedVersion: 2
  m_Size: {x: 1, y: 1, z: 1}
  m_Center: {x: 0, y: 0, z: 0}
--- !u!33 &48589758
MeshFilter:
  m_ObjectHideFlags: 0
  m_PrefabParentObject: {fileID: 0}
  m_PrefabInternal: {fileID: 0}
  m_GameObject: {fileID: 48589755}
  m_Mesh: {fileID: 10202, guid: 0000000000000000e000000000000000, type: 0}
--- !u!4 &48589759
Transform:
  m_ObjectHideFlags: 0
  m_PrefabParentObject: {fileID: 0}
  m_PrefabInternal: {fileID: 0}
  m_GameObject: {fileID: 48589755}
  m_LocalRotation: {x: 0, y: 0, z: 0, w: 1}
  m_LocalPosition: {x: 5.16, y: 2.405, z: 7.436}
  m_LocalScale: {x: 7.8972154, y: 0.21280429, z: 3.5898147}
  m_Children: []
  m_Father: {fileID: 0}
  m_RootOrder: 16
  m_LocalEulerAnglesHint: {x: 0, y: 0, z: 0}
--- !u!1 &197549029
GameObject:
  m_ObjectHideFlags: 0
  m_PrefabParentObject: {fileID: 100000, guid: b166812e721a2aa419ac886b4e99382c, type: 3}
  m_PrefabInternal: {fileID: 0}
  serializedVersion: 5
  m_Component:
  - component: {fileID: 197549030}
  - component: {fileID: 197549032}
  - component: {fileID: 197549031}
  m_Layer: 0
  m_Name: Background
  m_TagString: Untagged
  m_Icon: {fileID: 0}
  m_NavMeshLayer: 0
  m_StaticEditorFlags: 0
  m_IsActive: 1
--- !u!4 &197549030
Transform:
  m_ObjectHideFlags: 0
  m_PrefabParentObject: {fileID: 400000, guid: b166812e721a2aa419ac886b4e99382c, type: 3}
  m_PrefabInternal: {fileID: 0}
  m_GameObject: {fileID: 197549029}
  m_LocalRotation: {x: -0.5, y: 0.5, z: -0.5, w: 0.49999997}
  m_LocalPosition: {x: 2.96, y: -0.13, z: 2.91}
  m_LocalScale: {x: -872.5772, y: -1612.8333, z: -872.5772}
  m_Children: []
  m_Father: {fileID: 2118338668}
  m_RootOrder: 0
  m_LocalEulerAnglesHint: {x: 0, y: 0, z: 0}
--- !u!23 &197549031
MeshRenderer:
  m_ObjectHideFlags: 0
  m_PrefabParentObject: {fileID: 2300000, guid: b166812e721a2aa419ac886b4e99382c,
    type: 3}
  m_PrefabInternal: {fileID: 0}
  m_GameObject: {fileID: 197549029}
  m_Enabled: 1
  m_CastShadows: 1
  m_ReceiveShadows: 1
  m_MotionVectors: 1
  m_LightProbeUsage: 1
  m_ReflectionProbeUsage: 1
  m_Materials:
  - {fileID: 2100000, guid: d63f54d2a7a3e7c4590196a8e1598544, type: 2}
  m_StaticBatchInfo:
    firstSubMesh: 0
    subMeshCount: 0
  m_StaticBatchRoot: {fileID: 0}
  m_ProbeAnchor: {fileID: 0}
  m_LightProbeVolumeOverride: {fileID: 0}
  m_ScaleInLightmap: 1
  m_PreserveUVs: 0
  m_IgnoreNormalsForChartDetection: 0
  m_ImportantGI: 0
  m_SelectedEditorRenderState: 3
  m_MinimumChartSize: 4
  m_AutoUVMaxDistance: 0.5
  m_AutoUVMaxAngle: 89
  m_LightmapParameters: {fileID: 0}
  m_SortingLayerID: 0
  m_SortingLayer: 0
  m_SortingOrder: 0
--- !u!33 &197549032
MeshFilter:
  m_ObjectHideFlags: 0
  m_PrefabParentObject: {fileID: 3300000, guid: b166812e721a2aa419ac886b4e99382c,
    type: 3}
  m_PrefabInternal: {fileID: 0}
  m_GameObject: {fileID: 197549029}
  m_Mesh: {fileID: 4300000, guid: b166812e721a2aa419ac886b4e99382c, type: 3}
--- !u!1001 &203142631
Prefab:
  m_ObjectHideFlags: 0
  serializedVersion: 2
  m_Modification:
    m_TransformParent: {fileID: 0}
    m_Modifications:
    - target: {fileID: 400000, guid: 4b9044360855d904db892dcbc389f014, type: 3}
      propertyPath: m_LocalPosition.x
      value: 4.213
      objectReference: {fileID: 0}
    - target: {fileID: 400000, guid: 4b9044360855d904db892dcbc389f014, type: 3}
      propertyPath: m_LocalPosition.y
      value: 2.28
      objectReference: {fileID: 0}
    - target: {fileID: 400000, guid: 4b9044360855d904db892dcbc389f014, type: 3}
      propertyPath: m_LocalPosition.z
      value: 3.4519997
      objectReference: {fileID: 0}
    - target: {fileID: 400000, guid: 4b9044360855d904db892dcbc389f014, type: 3}
      propertyPath: m_LocalRotation.x
      value: -0.066665396
      objectReference: {fileID: 0}
    - target: {fileID: 400000, guid: 4b9044360855d904db892dcbc389f014, type: 3}
      propertyPath: m_LocalRotation.y
      value: 0.7039572
      objectReference: {fileID: 0}
    - target: {fileID: 400000, guid: 4b9044360855d904db892dcbc389f014, type: 3}
      propertyPath: m_LocalRotation.z
      value: 0.7039572
      objectReference: {fileID: 0}
    - target: {fileID: 400000, guid: 4b9044360855d904db892dcbc389f014, type: 3}
      propertyPath: m_LocalRotation.w
      value: 0.066665396
      objectReference: {fileID: 0}
    - target: {fileID: 400000, guid: 4b9044360855d904db892dcbc389f014, type: 3}
      propertyPath: m_RootOrder
      value: 11
      objectReference: {fileID: 0}
    - target: {fileID: 100000, guid: 4b9044360855d904db892dcbc389f014, type: 3}
      propertyPath: m_Name
      value: Cassina_520_Accordo_Table_mat (2)
      objectReference: {fileID: 0}
    - target: {fileID: 400000, guid: 4b9044360855d904db892dcbc389f014, type: 3}
      propertyPath: m_LocalEulerAnglesHint.x
      value: -90.00001
      objectReference: {fileID: 0}
    - target: {fileID: 400000, guid: 4b9044360855d904db892dcbc389f014, type: 3}
      propertyPath: m_LocalScale.x
      value: 0.023504676
      objectReference: {fileID: 0}
    - target: {fileID: 400000, guid: 4b9044360855d904db892dcbc389f014, type: 3}
      propertyPath: m_LocalScale.y
      value: 0.014738535
      objectReference: {fileID: 0}
    - target: {fileID: 400000, guid: 4b9044360855d904db892dcbc389f014, type: 3}
      propertyPath: m_LocalScale.z
      value: 0.01729616
      objectReference: {fileID: 0}
    - target: {fileID: 400000, guid: 4b9044360855d904db892dcbc389f014, type: 3}
      propertyPath: m_LocalEulerAnglesHint.z
      value: 169.18001
      objectReference: {fileID: 0}
    - target: {fileID: 2300000, guid: 4b9044360855d904db892dcbc389f014, type: 3}
      propertyPath: m_Materials.Array.data[1]
      value: 
      objectReference: {fileID: 2100000, guid: 2c644e174c68a404aa6d8de789087275, type: 2}
    - target: {fileID: 2300000, guid: 4b9044360855d904db892dcbc389f014, type: 3}
      propertyPath: m_Materials.Array.data[0]
      value: 
      objectReference: {fileID: 2100000, guid: d54faa744d1417243b3d1b909bfe136a, type: 2}
    m_RemovedComponents: []
  m_ParentPrefab: {fileID: 100100000, guid: 4b9044360855d904db892dcbc389f014, type: 3}
  m_IsPrefabParent: 0
--- !u!1 &236064979
GameObject:
  m_ObjectHideFlags: 0
  m_PrefabParentObject: {fileID: 100006, guid: 95198fbdcdf18ca419f7b84c3006f56c, type: 3}
  m_PrefabInternal: {fileID: 0}
  serializedVersion: 5
  m_Component:
  - component: {fileID: 236064980}
  - component: {fileID: 236064982}
  - component: {fileID: 236064981}
  m_Layer: 0
  m_Name: JarNegra01
  m_TagString: Untagged
  m_Icon: {fileID: 0}
  m_NavMeshLayer: 0
  m_StaticEditorFlags: 0
  m_IsActive: 1
--- !u!4 &236064980
Transform:
  m_ObjectHideFlags: 0
  m_PrefabParentObject: {fileID: 400006, guid: 95198fbdcdf18ca419f7b84c3006f56c, type: 3}
  m_PrefabInternal: {fileID: 0}
  m_GameObject: {fileID: 236064979}
  m_LocalRotation: {x: 0, y: -0, z: -0, w: 1}
  m_LocalPosition: {x: 33.68, y: 2.38, z: 28.28}
  m_LocalScale: {x: 3.5545216, y: 3.046514, z: 4.431419}
  m_Children: []
  m_Father: {fileID: 1070245254}
  m_RootOrder: 0
  m_LocalEulerAnglesHint: {x: 0, y: 0, z: 0}
--- !u!23 &236064981
MeshRenderer:
  m_ObjectHideFlags: 0
  m_PrefabParentObject: {fileID: 2300006, guid: 95198fbdcdf18ca419f7b84c3006f56c,
    type: 3}
  m_PrefabInternal: {fileID: 0}
  m_GameObject: {fileID: 236064979}
  m_Enabled: 1
  m_CastShadows: 1
  m_ReceiveShadows: 1
  m_MotionVectors: 1
  m_LightProbeUsage: 1
  m_ReflectionProbeUsage: 1
  m_Materials:
  - {fileID: 2100000, guid: c10c52cf5e2a88048ac422b600e54f90, type: 2}
  m_StaticBatchInfo:
    firstSubMesh: 0
    subMeshCount: 0
  m_StaticBatchRoot: {fileID: 0}
  m_ProbeAnchor: {fileID: 0}
  m_LightProbeVolumeOverride: {fileID: 0}
  m_ScaleInLightmap: 1
  m_PreserveUVs: 0
  m_IgnoreNormalsForChartDetection: 0
  m_ImportantGI: 0
  m_SelectedEditorRenderState: 3
  m_MinimumChartSize: 4
  m_AutoUVMaxDistance: 0.5
  m_AutoUVMaxAngle: 89
  m_LightmapParameters: {fileID: 0}
  m_SortingLayerID: 0
  m_SortingLayer: 0
  m_SortingOrder: 0
--- !u!33 &236064982
MeshFilter:
  m_ObjectHideFlags: 0
  m_PrefabParentObject: {fileID: 3300006, guid: 95198fbdcdf18ca419f7b84c3006f56c,
    type: 3}
  m_PrefabInternal: {fileID: 0}
  m_GameObject: {fileID: 236064979}
  m_Mesh: {fileID: 4300006, guid: 95198fbdcdf18ca419f7b84c3006f56c, type: 3}
--- !u!1001 &253708661
Prefab:
  m_ObjectHideFlags: 0
  serializedVersion: 2
  m_Modification:
    m_TransformParent: {fileID: 0}
    m_Modifications:
    - target: {fileID: 400000, guid: 1b47ae13d43e6d14ba14393c23abd37f, type: 3}
      propertyPath: m_LocalPosition.x
      value: 7.362
      objectReference: {fileID: 0}
    - target: {fileID: 400000, guid: 1b47ae13d43e6d14ba14393c23abd37f, type: 3}
      propertyPath: m_LocalPosition.y
      value: 3.001
      objectReference: {fileID: 0}
    - target: {fileID: 400000, guid: 1b47ae13d43e6d14ba14393c23abd37f, type: 3}
      propertyPath: m_LocalPosition.z
      value: 6.3791
      objectReference: {fileID: 0}
    - target: {fileID: 400000, guid: 1b47ae13d43e6d14ba14393c23abd37f, type: 3}
      propertyPath: m_LocalRotation.x
      value: -0
      objectReference: {fileID: 0}
    - target: {fileID: 400000, guid: 1b47ae13d43e6d14ba14393c23abd37f, type: 3}
      propertyPath: m_LocalRotation.y
      value: 0.86547655
      objectReference: {fileID: 0}
    - target: {fileID: 400000, guid: 1b47ae13d43e6d14ba14393c23abd37f, type: 3}
      propertyPath: m_LocalRotation.z
      value: -0
      objectReference: {fileID: 0}
    - target: {fileID: 400000, guid: 1b47ae13d43e6d14ba14393c23abd37f, type: 3}
      propertyPath: m_LocalRotation.w
      value: 0.50094956
      objectReference: {fileID: 0}
    - target: {fileID: 400000, guid: 1b47ae13d43e6d14ba14393c23abd37f, type: 3}
      propertyPath: m_RootOrder
      value: 9
      objectReference: {fileID: 0}
    - target: {fileID: 400000, guid: 1b47ae13d43e6d14ba14393c23abd37f, type: 3}
      propertyPath: m_LocalScale.x
      value: 0.07311495
      objectReference: {fileID: 0}
    - target: {fileID: 400000, guid: 1b47ae13d43e6d14ba14393c23abd37f, type: 3}
      propertyPath: m_LocalScale.y
      value: 0.07311493
      objectReference: {fileID: 0}
    - target: {fileID: 400000, guid: 1b47ae13d43e6d14ba14393c23abd37f, type: 3}
      propertyPath: m_LocalScale.z
      value: 0.07311493
      objectReference: {fileID: 0}
    - target: {fileID: 400000, guid: 1b47ae13d43e6d14ba14393c23abd37f, type: 3}
      propertyPath: m_LocalEulerAnglesHint.y
      value: 119.87401
      objectReference: {fileID: 0}
    - target: {fileID: 13700000, guid: 1b47ae13d43e6d14ba14393c23abd37f, type: 3}
      propertyPath: m_Materials.Array.data[0]
      value: 
      objectReference: {fileID: 2100000, guid: 0c74a83e2502732418c68ccc66e9fbfb, type: 2}
    m_RemovedComponents: []
  m_ParentPrefab: {fileID: 100100000, guid: 1b47ae13d43e6d14ba14393c23abd37f, type: 3}
  m_IsPrefabParent: 0
--- !u!1 &258849029
GameObject:
  m_ObjectHideFlags: 0
  m_PrefabParentObject: {fileID: 100018, guid: 577188b3af6cb3446ab8fc0c9a38cef9, type: 3}
  m_PrefabInternal: {fileID: 0}
  serializedVersion: 5
  m_Component:
  - component: {fileID: 258849030}
  - component: {fileID: 258849032}
  - component: {fileID: 258849031}
  m_Layer: 0
  m_Name: floor
  m_TagString: Untagged
  m_Icon: {fileID: 0}
  m_NavMeshLayer: 0
  m_StaticEditorFlags: 0
  m_IsActive: 1
--- !u!4 &258849030
Transform:
  m_ObjectHideFlags: 0
  m_PrefabParentObject: {fileID: 400018, guid: 577188b3af6cb3446ab8fc0c9a38cef9, type: 3}
  m_PrefabInternal: {fileID: 0}
  m_GameObject: {fileID: 258849029}
  m_LocalRotation: {x: 0, y: -0, z: -0, w: 1}
  m_LocalPosition: {x: -2.32, y: 0.7667639, z: 0.18}
  m_LocalScale: {x: 0.8308957, y: 1, z: 1.5548972}
  m_Children: []
  m_Father: {fileID: 2048916800}
  m_RootOrder: 1
  m_LocalEulerAnglesHint: {x: 0, y: 0, z: 0}
--- !u!23 &258849031
MeshRenderer:
  m_ObjectHideFlags: 0
  m_PrefabParentObject: {fileID: 2300018, guid: 577188b3af6cb3446ab8fc0c9a38cef9,
    type: 3}
  m_PrefabInternal: {fileID: 0}
  m_GameObject: {fileID: 258849029}
  m_Enabled: 1
  m_CastShadows: 1
  m_ReceiveShadows: 1
  m_MotionVectors: 1
  m_LightProbeUsage: 1
  m_ReflectionProbeUsage: 1
  m_Materials:
  - {fileID: 2100000, guid: 0bb142c2067b8dd409526ea07c7a27cc, type: 2}
  m_StaticBatchInfo:
    firstSubMesh: 0
    subMeshCount: 0
  m_StaticBatchRoot: {fileID: 0}
  m_ProbeAnchor: {fileID: 0}
  m_LightProbeVolumeOverride: {fileID: 0}
  m_ScaleInLightmap: 1
  m_PreserveUVs: 0
  m_IgnoreNormalsForChartDetection: 0
  m_ImportantGI: 0
  m_SelectedEditorRenderState: 3
  m_MinimumChartSize: 4
  m_AutoUVMaxDistance: 0.5
  m_AutoUVMaxAngle: 89
  m_LightmapParameters: {fileID: 0}
  m_SortingLayerID: 0
  m_SortingLayer: 0
  m_SortingOrder: 0
--- !u!33 &258849032
MeshFilter:
  m_ObjectHideFlags: 0
  m_PrefabParentObject: {fileID: 3300018, guid: 577188b3af6cb3446ab8fc0c9a38cef9,
    type: 3}
  m_PrefabInternal: {fileID: 0}
  m_GameObject: {fileID: 258849029}
  m_Mesh: {fileID: 4300028, guid: 577188b3af6cb3446ab8fc0c9a38cef9, type: 3}
--- !u!1001 &260670700
Prefab:
  m_ObjectHideFlags: 0
  serializedVersion: 2
  m_Modification:
    m_TransformParent: {fileID: 0}
    m_Modifications:
    - target: {fileID: 400002, guid: 83988c98e3122914fb37fbede205bb88, type: 3}
      propertyPath: m_LocalPosition.x
      value: 8.662
      objectReference: {fileID: 0}
    - target: {fileID: 400002, guid: 83988c98e3122914fb37fbede205bb88, type: 3}
      propertyPath: m_LocalPosition.y
      value: 4.178
      objectReference: {fileID: 0}
    - target: {fileID: 400002, guid: 83988c98e3122914fb37fbede205bb88, type: 3}
      propertyPath: m_LocalPosition.z
      value: 7.896
      objectReference: {fileID: 0}
    - target: {fileID: 400002, guid: 83988c98e3122914fb37fbede205bb88, type: 3}
      propertyPath: m_LocalRotation.x
      value: 0.049574357
      objectReference: {fileID: 0}
    - target: {fileID: 400002, guid: 83988c98e3122914fb37fbede205bb88, type: 3}
      propertyPath: m_LocalRotation.y
      value: -0.97865254
      objectReference: {fileID: 0}
    - target: {fileID: 400002, guid: 83988c98e3122914fb37fbede205bb88, type: 3}
      propertyPath: m_LocalRotation.z
      value: 0.010090529
      objectReference: {fileID: 0}
    - target: {fileID: 400002, guid: 83988c98e3122914fb37fbede205bb88, type: 3}
      propertyPath: m_LocalRotation.w
      value: 0.19919813
      objectReference: {fileID: 0}
    - target: {fileID: 400002, guid: 83988c98e3122914fb37fbede205bb88, type: 3}
      propertyPath: m_RootOrder
      value: 5
      objectReference: {fileID: 0}
    - target: {fileID: 400002, guid: 83988c98e3122914fb37fbede205bb88, type: 3}
      propertyPath: m_LocalScale.y
      value: 2.1769671
      objectReference: {fileID: 0}
    - target: {fileID: 400002, guid: 83988c98e3122914fb37fbede205bb88, type: 3}
      propertyPath: m_LocalEulerAnglesHint.y
      value: -157.09601
      objectReference: {fileID: 0}
    - target: {fileID: 400002, guid: 83988c98e3122914fb37fbede205bb88, type: 3}
      propertyPath: m_LocalScale.z
      value: 2.0238879
      objectReference: {fileID: 0}
    - target: {fileID: 400002, guid: 83988c98e3122914fb37fbede205bb88, type: 3}
      propertyPath: m_LocalEulerAnglesHint.x
      value: 2.2640002
      objectReference: {fileID: 0}
    - target: {fileID: 400002, guid: 83988c98e3122914fb37fbede205bb88, type: 3}
      propertyPath: m_LocalEulerAnglesHint.z
      value: -5.341
      objectReference: {fileID: 0}
    m_RemovedComponents: []
  m_ParentPrefab: {fileID: 100100000, guid: 83988c98e3122914fb37fbede205bb88, type: 3}
  m_IsPrefabParent: 0
--- !u!1 &301088433
GameObject:
  m_ObjectHideFlags: 0
  m_PrefabParentObject: {fileID: 0}
  m_PrefabInternal: {fileID: 0}
  serializedVersion: 5
  m_Component:
  - component: {fileID: 301088435}
  - component: {fileID: 301088434}
  m_Layer: 0
  m_Name: Spotlight (2)
  m_TagString: Untagged
  m_Icon: {fileID: 0}
  m_NavMeshLayer: 0
  m_StaticEditorFlags: 0
  m_IsActive: 1
--- !u!108 &301088434
Light:
  m_ObjectHideFlags: 0
  m_PrefabParentObject: {fileID: 0}
  m_PrefabInternal: {fileID: 0}
  m_GameObject: {fileID: 301088433}
  m_Enabled: 1
  serializedVersion: 8
  m_Type: 1
  m_Color: {r: 0.9633874, g: 1, b: 0.8602941, a: 1}
  m_Intensity: 0.5
  m_Range: 6.602262
  m_SpotAngle: 73
  m_CookieSize: 10
  m_Shadows:
    m_Type: 0
    m_Resolution: -1
    m_CustomResolution: -1
    m_Strength: 1
    m_Bias: 0.05
    m_NormalBias: 0.4
    m_NearPlane: 0.2
  m_Cookie: {fileID: 0}
  m_DrawHalo: 0
  m_Flare: {fileID: 0}
  m_RenderMode: 0
  m_CullingMask:
    serializedVersion: 2
    m_Bits: 4294967295
  m_Lightmapping: 4
  m_AreaSize: {x: 1, y: 1}
  m_BounceIntensity: 1
  m_FalloffTable:
    m_Table[0]: 0
    m_Table[1]: 0
    m_Table[2]: 0
    m_Table[3]: 0
    m_Table[4]: 0
    m_Table[5]: 0
    m_Table[6]: 0
    m_Table[7]: 0
    m_Table[8]: 0
    m_Table[9]: 0
    m_Table[10]: 0
    m_Table[11]: 0
    m_Table[12]: 0
  m_ColorTemperature: 6570
  m_UseColorTemperature: 0
  m_ShadowRadius: 0
  m_ShadowAngle: 0
--- !u!4 &301088435
Transform:
  m_ObjectHideFlags: 0
  m_PrefabParentObject: {fileID: 0}
  m_PrefabInternal: {fileID: 0}
  m_GameObject: {fileID: 301088433}
  m_LocalRotation: {x: -0.049478598, y: 0.5547051, z: 0.8276812, w: 0.06926772}
  m_LocalPosition: {x: 1.985, y: 6.48, z: 4.394}
  m_LocalScale: {x: -3.226512, y: 0.7544965, z: 1.4130812}
  m_Children: []
  m_Father: {fileID: 0}
  m_RootOrder: 23
  m_LocalEulerAnglesHint: {x: -112.31799, y: -540.763, z: -9.055969}
--- !u!1001 &462927547
Prefab:
  m_ObjectHideFlags: 0
  serializedVersion: 2
  m_Modification:
    m_TransformParent: {fileID: 0}
    m_Modifications:
    - target: {fileID: 400000, guid: 226095a2a11c5d142a3290aa6b562b00, type: 3}
      propertyPath: m_LocalPosition.x
      value: 3.562
      objectReference: {fileID: 0}
    - target: {fileID: 400000, guid: 226095a2a11c5d142a3290aa6b562b00, type: 3}
      propertyPath: m_LocalPosition.y
      value: 2.587
      objectReference: {fileID: 0}
    - target: {fileID: 400000, guid: 226095a2a11c5d142a3290aa6b562b00, type: 3}
      propertyPath: m_LocalPosition.z
      value: 7.52
      objectReference: {fileID: 0}
    - target: {fileID: 400000, guid: 226095a2a11c5d142a3290aa6b562b00, type: 3}
      propertyPath: m_LocalRotation.x
      value: 0.12763742
      objectReference: {fileID: 0}
    - target: {fileID: 400000, guid: 226095a2a11c5d142a3290aa6b562b00, type: 3}
      propertyPath: m_LocalRotation.y
      value: -0.16555205
      objectReference: {fileID: 0}
    - target: {fileID: 400000, guid: 226095a2a11c5d142a3290aa6b562b00, type: 3}
      propertyPath: m_LocalRotation.z
      value: 0.015823493
      objectReference: {fileID: 0}
    - target: {fileID: 400000, guid: 226095a2a11c5d142a3290aa6b562b00, type: 3}
      propertyPath: m_LocalRotation.w
      value: 0.9777785
      objectReference: {fileID: 0}
    - target: {fileID: 400000, guid: 226095a2a11c5d142a3290aa6b562b00, type: 3}
      propertyPath: m_RootOrder
      value: 8
      objectReference: {fileID: 0}
    - target: {fileID: 400000, guid: 226095a2a11c5d142a3290aa6b562b00, type: 3}
      propertyPath: m_LocalScale.x
      value: 1.8666867
      objectReference: {fileID: 0}
    - target: {fileID: 400000, guid: 226095a2a11c5d142a3290aa6b562b00, type: 3}
      propertyPath: m_LocalScale.y
      value: 1.8666884
      objectReference: {fileID: 0}
    - target: {fileID: 400000, guid: 226095a2a11c5d142a3290aa6b562b00, type: 3}
      propertyPath: m_LocalScale.z
      value: 1.8666884
      objectReference: {fileID: 0}
    - target: {fileID: 400000, guid: 226095a2a11c5d142a3290aa6b562b00, type: 3}
      propertyPath: m_LocalEulerAnglesHint.x
      value: 14.764001
      objectReference: {fileID: 0}
    - target: {fileID: 400000, guid: 226095a2a11c5d142a3290aa6b562b00, type: 3}
      propertyPath: m_LocalEulerAnglesHint.y
      value: -19.307001
      objectReference: {fileID: 0}
    - target: {fileID: 400000, guid: 226095a2a11c5d142a3290aa6b562b00, type: 3}
      propertyPath: m_LocalEulerAnglesHint.z
      value: -0.671
      objectReference: {fileID: 0}
    m_RemovedComponents: []
  m_ParentPrefab: {fileID: 100100000, guid: 226095a2a11c5d142a3290aa6b562b00, type: 3}
  m_IsPrefabParent: 0
--- !u!1 &615911925
GameObject:
  m_ObjectHideFlags: 0
  m_PrefabParentObject: {fileID: 0}
  m_PrefabInternal: {fileID: 0}
  serializedVersion: 5
  m_Component:
  - component: {fileID: 615911927}
  - component: {fileID: 615911926}
  m_Layer: 0
  m_Name: Point light (4)
  m_TagString: Untagged
  m_Icon: {fileID: 0}
  m_NavMeshLayer: 0
  m_StaticEditorFlags: 0
  m_IsActive: 1
--- !u!108 &615911926
Light:
  m_ObjectHideFlags: 0
  m_PrefabParentObject: {fileID: 0}
  m_PrefabInternal: {fileID: 0}
  m_GameObject: {fileID: 615911925}
  m_Enabled: 1
  serializedVersion: 8
  m_Type: 0
  m_Color: {r: 0.9849898, g: 1, b: 0.72794116, a: 1}
  m_Intensity: 10
  m_Range: 7.1762147
  m_SpotAngle: 95.41121
  m_CookieSize: 10
  m_Shadows:
    m_Type: 0
    m_Resolution: -1
    m_CustomResolution: -1
    m_Strength: 1
    m_Bias: 0.05
    m_NormalBias: 0.4
    m_NearPlane: 0.2
  m_Cookie: {fileID: 0}
  m_DrawHalo: 0
  m_Flare: {fileID: 0}
  m_RenderMode: 0
  m_CullingMask:
    serializedVersion: 2
    m_Bits: 4294967295
  m_Lightmapping: 1
  m_AreaSize: {x: 10.189898, y: 12.024069}
  m_BounceIntensity: 5
  m_FalloffTable:
    m_Table[0]: 0
    m_Table[1]: 0
    m_Table[2]: 0
    m_Table[3]: 0
    m_Table[4]: 0
    m_Table[5]: 0
    m_Table[6]: 0
    m_Table[7]: 0
    m_Table[8]: 0
    m_Table[9]: 0
    m_Table[10]: 0
    m_Table[11]: 0
    m_Table[12]: 0
  m_ColorTemperature: 6570
  m_UseColorTemperature: 0
  m_ShadowRadius: 0
  m_ShadowAngle: 0
--- !u!4 &615911927
Transform:
  m_ObjectHideFlags: 0
  m_PrefabParentObject: {fileID: 0}
  m_PrefabInternal: {fileID: 0}
  m_GameObject: {fileID: 615911925}
  m_LocalRotation: {x: -0.03086887, y: 0.7302191, z: -0.6819097, w: -0.028746951}
  m_LocalPosition: {x: 5.93, y: 7.64, z: 4.371}
  m_LocalScale: {x: -1.1393293, y: 0.3290894, z: 0.5843582}
  m_Children: []
  m_Father: {fileID: 0}
  m_RootOrder: 21
  m_LocalEulerAnglesHint: {x: -273.919, y: -180.09799, z: -724.932}
--- !u!1001 &617871193
Prefab:
  m_ObjectHideFlags: 0
  serializedVersion: 2
  m_Modification:
    m_TransformParent: {fileID: 0}
    m_Modifications:
    - target: {fileID: 400000, guid: b13852fb6cae82b40b9b8a09655ae06d, type: 3}
      propertyPath: m_LocalPosition.x
      value: 2.65
      objectReference: {fileID: 0}
    - target: {fileID: 400000, guid: b13852fb6cae82b40b9b8a09655ae06d, type: 3}
      propertyPath: m_LocalPosition.y
      value: 5
      objectReference: {fileID: 0}
    - target: {fileID: 400000, guid: b13852fb6cae82b40b9b8a09655ae06d, type: 3}
      propertyPath: m_LocalPosition.z
      value: 8.879
      objectReference: {fileID: 0}
    - target: {fileID: 400000, guid: b13852fb6cae82b40b9b8a09655ae06d, type: 3}
      propertyPath: m_LocalRotation.x
      value: 1
      objectReference: {fileID: 0}
    - target: {fileID: 400000, guid: b13852fb6cae82b40b9b8a09655ae06d, type: 3}
      propertyPath: m_LocalRotation.y
      value: 0
      objectReference: {fileID: 0}
    - target: {fileID: 400000, guid: b13852fb6cae82b40b9b8a09655ae06d, type: 3}
      propertyPath: m_LocalRotation.z
      value: 0
      objectReference: {fileID: 0}
    - target: {fileID: 400000, guid: b13852fb6cae82b40b9b8a09655ae06d, type: 3}
      propertyPath: m_LocalRotation.w
      value: 0
      objectReference: {fileID: 0}
    - target: {fileID: 400000, guid: b13852fb6cae82b40b9b8a09655ae06d, type: 3}
      propertyPath: m_RootOrder
      value: 24
      objectReference: {fileID: 0}
    - target: {fileID: 400000, guid: b13852fb6cae82b40b9b8a09655ae06d, type: 3}
      propertyPath: m_LocalScale.x
      value: -38.133022
      objectReference: {fileID: 0}
    - target: {fileID: 400000, guid: b13852fb6cae82b40b9b8a09655ae06d, type: 3}
      propertyPath: m_LocalScale.y
      value: -51.60101
      objectReference: {fileID: 0}
    - target: {fileID: 400000, guid: b13852fb6cae82b40b9b8a09655ae06d, type: 3}
      propertyPath: m_LocalScale.z
      value: -51.60101
      objectReference: {fileID: 0}
    - target: {fileID: 400000, guid: b13852fb6cae82b40b9b8a09655ae06d, type: 3}
      propertyPath: m_LocalEulerAnglesHint.x
      value: 180
      objectReference: {fileID: 0}
    - target: {fileID: 400000, guid: b13852fb6cae82b40b9b8a09655ae06d, type: 3}
      propertyPath: m_LocalEulerAnglesHint.y
      value: 0
      objectReference: {fileID: 0}
    - target: {fileID: 400000, guid: b13852fb6cae82b40b9b8a09655ae06d, type: 3}
      propertyPath: m_LocalEulerAnglesHint.z
      value: 0
      objectReference: {fileID: 0}
    - target: {fileID: 100000, guid: b13852fb6cae82b40b9b8a09655ae06d, type: 3}
      propertyPath: m_Name
      value: Window (2)
      objectReference: {fileID: 0}
    m_RemovedComponents: []
  m_ParentPrefab: {fileID: 100100000, guid: b13852fb6cae82b40b9b8a09655ae06d, type: 3}
  m_IsPrefabParent: 0
--- !u!1 &732086575
GameObject:
  m_ObjectHideFlags: 0
  m_PrefabParentObject: {fileID: 0}
  m_PrefabInternal: {fileID: 0}
  serializedVersion: 5
  m_Component:
  - component: {fileID: 732086577}
  - component: {fileID: 732086576}
  m_Layer: 0
  m_Name: Spotlight (1)
  m_TagString: Untagged
  m_Icon: {fileID: 0}
  m_NavMeshLayer: 0
  m_StaticEditorFlags: 0
  m_IsActive: 1
--- !u!108 &732086576
Light:
  m_ObjectHideFlags: 0
  m_PrefabParentObject: {fileID: 0}
  m_PrefabInternal: {fileID: 0}
  m_GameObject: {fileID: 732086575}
  m_Enabled: 1
  serializedVersion: 8
  m_Type: 1
  m_Color: {r: 0.2647059, g: 0.06024342, b: 0, a: 1}
  m_Intensity: 2
  m_Range: 6.602262
  m_SpotAngle: 73
  m_CookieSize: 10
  m_Shadows:
    m_Type: 0
    m_Resolution: -1
    m_CustomResolution: -1
    m_Strength: 1
    m_Bias: 0.05
    m_NormalBias: 0.4
    m_NearPlane: 0.2
  m_Cookie: {fileID: 0}
  m_DrawHalo: 0
  m_Flare: {fileID: 0}
  m_RenderMode: 0
  m_CullingMask:
    serializedVersion: 2
    m_Bits: 4294967295
  m_Lightmapping: 4
  m_AreaSize: {x: 1, y: 1}
  m_BounceIntensity: 1
  m_FalloffTable:
    m_Table[0]: 0
    m_Table[1]: 0
    m_Table[2]: 0
    m_Table[3]: 0
    m_Table[4]: 0
    m_Table[5]: 0
    m_Table[6]: 0
    m_Table[7]: 0
    m_Table[8]: 0
    m_Table[9]: 0
    m_Table[10]: 0
    m_Table[11]: 0
    m_Table[12]: 0
  m_ColorTemperature: 6570
  m_UseColorTemperature: 0
  m_ShadowRadius: 0
  m_ShadowAngle: 0
--- !u!4 &732086577
Transform:
  m_ObjectHideFlags: 0
  m_PrefabParentObject: {fileID: 0}
  m_PrefabInternal: {fileID: 0}
  m_GameObject: {fileID: 732086575}
  m_LocalRotation: {x: -0.047531854, y: 0.5314574, z: 0.84279704, w: 0.070617765}
  m_LocalPosition: {x: 5.562, y: 6.48, z: 7.2199993}
  m_LocalScale: {x: -3.226512, y: 0.7544965, z: 1.4130812}
  m_Children: []
  m_Father: {fileID: 0}
  m_RootOrder: 4
  m_LocalEulerAnglesHint: {x: -115.506996, y: -540.673, z: -9.154999}
--- !u!1001 &732663834
Prefab:
  m_ObjectHideFlags: 0
  serializedVersion: 2
  m_Modification:
    m_TransformParent: {fileID: 0}
    m_Modifications:
    - target: {fileID: 4166599846237312, guid: 893dd7ed3930def40ab74487606e2f74, type: 2}
      propertyPath: m_LocalPosition.x
      value: 5.21
      objectReference: {fileID: 0}
    - target: {fileID: 4166599846237312, guid: 893dd7ed3930def40ab74487606e2f74, type: 2}
      propertyPath: m_LocalPosition.y
      value: 2.916
      objectReference: {fileID: 0}
    - target: {fileID: 4166599846237312, guid: 893dd7ed3930def40ab74487606e2f74, type: 2}
      propertyPath: m_LocalPosition.z
      value: 3.8209996
      objectReference: {fileID: 0}
    - target: {fileID: 4166599846237312, guid: 893dd7ed3930def40ab74487606e2f74, type: 2}
      propertyPath: m_LocalRotation.x
      value: 0
      objectReference: {fileID: 0}
    - target: {fileID: 4166599846237312, guid: 893dd7ed3930def40ab74487606e2f74, type: 2}
      propertyPath: m_LocalRotation.y
      value: 0
      objectReference: {fileID: 0}
    - target: {fileID: 4166599846237312, guid: 893dd7ed3930def40ab74487606e2f74, type: 2}
      propertyPath: m_LocalRotation.z
      value: 0
      objectReference: {fileID: 0}
    - target: {fileID: 4166599846237312, guid: 893dd7ed3930def40ab74487606e2f74, type: 2}
      propertyPath: m_LocalRotation.w
      value: 1
      objectReference: {fileID: 0}
    - target: {fileID: 4166599846237312, guid: 893dd7ed3930def40ab74487606e2f74, type: 2}
      propertyPath: m_RootOrder
      value: 18
      objectReference: {fileID: 0}
    m_RemovedComponents: []
  m_ParentPrefab: {fileID: 100100000, guid: 893dd7ed3930def40ab74487606e2f74, type: 2}
  m_IsPrefabParent: 0
--- !u!1 &917558906
GameObject:
  m_ObjectHideFlags: 0
  m_PrefabParentObject: {fileID: 100006, guid: b166812e721a2aa419ac886b4e99382c, type: 3}
  m_PrefabInternal: {fileID: 0}
  serializedVersion: 5
  m_Component:
  - component: {fileID: 917558907}
  - component: {fileID: 917558908}
  m_Layer: 0
  m_Name: Lamp
  m_TagString: Untagged
  m_Icon: {fileID: 0}
  m_NavMeshLayer: 0
  m_StaticEditorFlags: 0
  m_IsActive: 1
--- !u!4 &917558907
Transform:
  m_ObjectHideFlags: 0
  m_PrefabParentObject: {fileID: 400006, guid: b166812e721a2aa419ac886b4e99382c, type: 3}
  m_PrefabInternal: {fileID: 0}
  m_GameObject: {fileID: 917558906}
  m_LocalRotation: {x: 0.52327543, y: -0.34203398, z: 0.72694236, w: 0.28416628}
  m_LocalPosition: {x: -4.0762453, y: 5.903862, z: -8.037921}
  m_LocalScale: {x: 100.00001, y: 100, z: 100}
  m_Children: []
  m_Father: {fileID: 2118338668}
  m_RootOrder: 1
  m_LocalEulerAnglesHint: {x: 0, y: 0, z: 0}
--- !u!108 &917558908
Light:
  m_ObjectHideFlags: 0
  m_PrefabParentObject: {fileID: 10800000, guid: b166812e721a2aa419ac886b4e99382c,
    type: 3}
  m_PrefabInternal: {fileID: 0}
  m_GameObject: {fileID: 917558906}
  m_Enabled: 1
  serializedVersion: 8
  m_Type: 2
  m_Color: {r: 1, g: 1, b: 1, a: 1}
  m_Intensity: 1
  m_Range: 10
  m_SpotAngle: 30
  m_CookieSize: 10
  m_Shadows:
    m_Type: 2
    m_Resolution: -1
    m_CustomResolution: -1
    m_Strength: 1
    m_Bias: 0.05
    m_NormalBias: 0.4
    m_NearPlane: 0.2
  m_Cookie: {fileID: 0}
  m_DrawHalo: 0
  m_Flare: {fileID: 0}
  m_RenderMode: 0
  m_CullingMask:
    serializedVersion: 2
    m_Bits: 4294967295
  m_Lightmapping: 4
  m_AreaSize: {x: 1, y: 1}
  m_BounceIntensity: 1
  m_FalloffTable:
    m_Table[0]: 0
    m_Table[1]: 0
    m_Table[2]: 0
    m_Table[3]: 0
    m_Table[4]: 0
    m_Table[5]: 0
    m_Table[6]: 0
    m_Table[7]: 0
    m_Table[8]: 0
    m_Table[9]: 0
    m_Table[10]: 0
    m_Table[11]: 0
    m_Table[12]: 0
  m_ColorTemperature: 6570
  m_UseColorTemperature: 0
  m_ShadowRadius: 0
  m_ShadowAngle: 0
--- !u!1 &1070245253
GameObject:
  m_ObjectHideFlags: 0
  m_PrefabParentObject: {fileID: 100008, guid: 95198fbdcdf18ca419f7b84c3006f56c, type: 3}
  m_PrefabInternal: {fileID: 0}
  serializedVersion: 5
  m_Component:
  - component: {fileID: 1070245254}
  m_Layer: 0
  m_Name: Jarros_md
  m_TagString: Untagged
  m_Icon: {fileID: 0}
  m_NavMeshLayer: 0
  m_StaticEditorFlags: 0
  m_IsActive: 1
--- !u!4 &1070245254
Transform:
  m_ObjectHideFlags: 0
  m_PrefabParentObject: {fileID: 400008, guid: 95198fbdcdf18ca419f7b84c3006f56c, type: 3}
  m_PrefabInternal: {fileID: 0}
  m_GameObject: {fileID: 1070245253}
  m_LocalRotation: {x: 0, y: -0, z: -0, w: 1}
  m_LocalPosition: {x: 6.543, y: 2.32, z: 4.752}
  m_LocalScale: {x: 0.10820603, y: 0.10820603, z: 0.10820603}
  m_Children:
  - {fileID: 236064980}
  m_Father: {fileID: 0}
  m_RootOrder: 7
  m_LocalEulerAnglesHint: {x: 0, y: 0, z: 0}
--- !u!1001 &1087019727
Prefab:
  m_ObjectHideFlags: 0
  serializedVersion: 2
  m_Modification:
    m_TransformParent: {fileID: 0}
    m_Modifications:
    - target: {fileID: 400000, guid: a4b711d0ed3a6c54397453f93943f46b, type: 3}
      propertyPath: m_LocalPosition.x
      value: 3.4592946
      objectReference: {fileID: 0}
    - target: {fileID: 400000, guid: a4b711d0ed3a6c54397453f93943f46b, type: 3}
      propertyPath: m_LocalPosition.y
      value: 3.465
      objectReference: {fileID: 0}
    - target: {fileID: 400000, guid: a4b711d0ed3a6c54397453f93943f46b, type: 3}
      propertyPath: m_LocalPosition.z
      value: 5.380141
      objectReference: {fileID: 0}
    - target: {fileID: 400000, guid: a4b711d0ed3a6c54397453f93943f46b, type: 3}
      propertyPath: m_LocalRotation.x
      value: -0.029503668
      objectReference: {fileID: 0}
    - target: {fileID: 400000, guid: a4b711d0ed3a6c54397453f93943f46b, type: 3}
      propertyPath: m_LocalRotation.y
      value: -0.9808779
      objectReference: {fileID: 0}
    - target: {fileID: 400000, guid: a4b711d0ed3a6c54397453f93943f46b, type: 3}
      propertyPath: m_LocalRotation.z
      value: -0.07096167
      objectReference: {fileID: 0}
    - target: {fileID: 400000, guid: a4b711d0ed3a6c54397453f93943f46b, type: 3}
      propertyPath: m_LocalRotation.w
      value: 0.17880876
      objectReference: {fileID: 0}
    - target: {fileID: 400000, guid: a4b711d0ed3a6c54397453f93943f46b, type: 3}
      propertyPath: m_RootOrder
      value: 12
      objectReference: {fileID: 0}
    - target: {fileID: 400000, guid: a4b711d0ed3a6c54397453f93943f46b, type: 3}
      propertyPath: m_LocalScale.x
      value: 278.6136
      objectReference: {fileID: 0}
    - target: {fileID: 400000, guid: a4b711d0ed3a6c54397453f93943f46b, type: 3}
      propertyPath: m_LocalScale.y
      value: 325.30774
      objectReference: {fileID: 0}
    - target: {fileID: 400000, guid: a4b711d0ed3a6c54397453f93943f46b, type: 3}
      propertyPath: m_LocalScale.z
      value: 364.42273
      objectReference: {fileID: 0}
    - target: {fileID: 400000, guid: a4b711d0ed3a6c54397453f93943f46b, type: 3}
      propertyPath: m_LocalEulerAnglesHint.x
      value: -8.613001
      objectReference: {fileID: 0}
    - target: {fileID: 400000, guid: a4b711d0ed3a6c54397453f93943f46b, type: 3}
      propertyPath: m_LocalEulerAnglesHint.y
      value: -159.479
      objectReference: {fileID: 0}
    - target: {fileID: 400000, guid: a4b711d0ed3a6c54397453f93943f46b, type: 3}
      propertyPath: m_LocalEulerAnglesHint.z
      value: 1.8840001
      objectReference: {fileID: 0}
    - target: {fileID: 2300000, guid: a4b711d0ed3a6c54397453f93943f46b, type: 3}
      propertyPath: m_Materials.Array.data[0]
      value: 
      objectReference: {fileID: 2100000, guid: 2f1ff417b57c7854fb5e81758d49bb14, type: 2}
    m_RemovedComponents: []
  m_ParentPrefab: {fileID: 100100000, guid: a4b711d0ed3a6c54397453f93943f46b, type: 3}
  m_IsPrefabParent: 0
--- !u!1 &1091056111
GameObject:
  m_ObjectHideFlags: 0
  m_PrefabParentObject: {fileID: 0}
  m_PrefabInternal: {fileID: 0}
  serializedVersion: 5
  m_Component:
  - component: {fileID: 1091056113}
  - component: {fileID: 1091056112}
  m_Layer: 0
  m_Name: Directional Light
  m_TagString: Untagged
  m_Icon: {fileID: 0}
  m_NavMeshLayer: 0
  m_StaticEditorFlags: 0
  m_IsActive: 1
--- !u!108 &1091056112
Light:
  m_ObjectHideFlags: 0
  m_PrefabParentObject: {fileID: 0}
  m_PrefabInternal: {fileID: 0}
  m_GameObject: {fileID: 1091056111}
  m_Enabled: 1
  serializedVersion: 8
  m_Type: 1
  m_Color: {r: 1, g: 0.95686275, b: 0.8392157, a: 1}
  m_Intensity: 1
  m_Range: 10
  m_SpotAngle: 30
  m_CookieSize: 10
  m_Shadows:
    m_Type: 2
    m_Resolution: -1
    m_CustomResolution: -1
    m_Strength: 1
    m_Bias: 0.05
    m_NormalBias: 0.4
    m_NearPlane: 0.2
  m_Cookie: {fileID: 0}
  m_DrawHalo: 0
  m_Flare: {fileID: 0}
  m_RenderMode: 0
  m_CullingMask:
    serializedVersion: 2
    m_Bits: 4294967295
  m_Lightmapping: 4
  m_AreaSize: {x: 1, y: 1}
  m_BounceIntensity: 1
  m_FalloffTable:
    m_Table[0]: 0
    m_Table[1]: 0
    m_Table[2]: 0
    m_Table[3]: 0
    m_Table[4]: 0
    m_Table[5]: 0
    m_Table[6]: 0
    m_Table[7]: 0
    m_Table[8]: 0
    m_Table[9]: 0
    m_Table[10]: 0
    m_Table[11]: 0
    m_Table[12]: 0
  m_ColorTemperature: 6570
  m_UseColorTemperature: 0
  m_ShadowRadius: 0
  m_ShadowAngle: 0
--- !u!4 &1091056113
Transform:
  m_ObjectHideFlags: 0
  m_PrefabParentObject: {fileID: 0}
  m_PrefabInternal: {fileID: 0}
  m_GameObject: {fileID: 1091056111}
  m_LocalRotation: {x: -0.15859145, y: 0.07884696, z: -0.053328652, w: 0.9827451}
  m_LocalPosition: {x: 7.36, y: 4.65, z: 17.9}
  m_LocalScale: {x: 1, y: 1, z: 1}
  m_Children: []
  m_Father: {fileID: 0}
  m_RootOrder: 15
  m_LocalEulerAnglesHint: {x: -17.656, y: 10.392, z: -7.8310003}
--- !u!1 &1213993026
GameObject:
  m_ObjectHideFlags: 0
  m_PrefabParentObject: {fileID: 100014, guid: 577188b3af6cb3446ab8fc0c9a38cef9, type: 3}
  m_PrefabInternal: {fileID: 0}
  serializedVersion: 5
  m_Component:
  - component: {fileID: 1213993027}
  - component: {fileID: 1213993029}
  - component: {fileID: 1213993028}
  m_Layer: 0
  m_Name: ceiling
  m_TagString: Untagged
  m_Icon: {fileID: 0}
  m_NavMeshLayer: 0
  m_StaticEditorFlags: 0
  m_IsActive: 1
--- !u!4 &1213993027
Transform:
  m_ObjectHideFlags: 0
  m_PrefabParentObject: {fileID: 400014, guid: 577188b3af6cb3446ab8fc0c9a38cef9, type: 3}
  m_PrefabInternal: {fileID: 0}
  m_GameObject: {fileID: 1213993026}
  m_LocalRotation: {x: 0, y: -0, z: -0, w: 1}
  m_LocalPosition: {x: 0.13, y: 6.14, z: -3.1}
  m_LocalScale: {x: 0.7944694, y: 1, z: 1.3528876}
  m_Children: []
  m_Father: {fileID: 2048916800}
  m_RootOrder: 0
  m_LocalEulerAnglesHint: {x: 0, y: 0, z: 0}
--- !u!23 &1213993028
MeshRenderer:
  m_ObjectHideFlags: 0
  m_PrefabParentObject: {fileID: 2300014, guid: 577188b3af6cb3446ab8fc0c9a38cef9,
    type: 3}
  m_PrefabInternal: {fileID: 0}
  m_GameObject: {fileID: 1213993026}
  m_Enabled: 1
  m_CastShadows: 1
  m_ReceiveShadows: 1
  m_MotionVectors: 1
  m_LightProbeUsage: 1
  m_ReflectionProbeUsage: 1
  m_Materials:
  - {fileID: 2100000, guid: 06aa3d411d2a2d64bb922a3bbc93170e, type: 2}
  m_StaticBatchInfo:
    firstSubMesh: 0
    subMeshCount: 0
  m_StaticBatchRoot: {fileID: 0}
  m_ProbeAnchor: {fileID: 0}
  m_LightProbeVolumeOverride: {fileID: 0}
  m_ScaleInLightmap: 1
  m_PreserveUVs: 0
  m_IgnoreNormalsForChartDetection: 0
  m_ImportantGI: 0
  m_SelectedEditorRenderState: 3
  m_MinimumChartSize: 4
  m_AutoUVMaxDistance: 0.5
  m_AutoUVMaxAngle: 89
  m_LightmapParameters: {fileID: 0}
  m_SortingLayerID: 0
  m_SortingLayer: 0
  m_SortingOrder: 0
--- !u!33 &1213993029
MeshFilter:
  m_ObjectHideFlags: 0
  m_PrefabParentObject: {fileID: 3300014, guid: 577188b3af6cb3446ab8fc0c9a38cef9,
    type: 3}
  m_PrefabInternal: {fileID: 0}
  m_GameObject: {fileID: 1213993026}
  m_Mesh: {fileID: 4300010, guid: 577188b3af6cb3446ab8fc0c9a38cef9, type: 3}
--- !u!1001 &1249025187
Prefab:
  m_ObjectHideFlags: 0
  serializedVersion: 2
  m_Modification:
    m_TransformParent: {fileID: 0}
    m_Modifications:
    - target: {fileID: 400002, guid: 0809c3139b25eae4eb586eed31b50d73, type: 3}
      propertyPath: m_LocalPosition.x
      value: 9.004
      objectReference: {fileID: 0}
    - target: {fileID: 400002, guid: 0809c3139b25eae4eb586eed31b50d73, type: 3}
      propertyPath: m_LocalPosition.y
      value: 2.57
      objectReference: {fileID: 0}
    - target: {fileID: 400002, guid: 0809c3139b25eae4eb586eed31b50d73, type: 3}
      propertyPath: m_LocalPosition.z
      value: 6.679
      objectReference: {fileID: 0}
    - target: {fileID: 400002, guid: 0809c3139b25eae4eb586eed31b50d73, type: 3}
      propertyPath: m_LocalRotation.x
      value: -0.5
      objectReference: {fileID: 0}
    - target: {fileID: 400002, guid: 0809c3139b25eae4eb586eed31b50d73, type: 3}
      propertyPath: m_LocalRotation.y
      value: 0.5
      objectReference: {fileID: 0}
    - target: {fileID: 400002, guid: 0809c3139b25eae4eb586eed31b50d73, type: 3}
      propertyPath: m_LocalRotation.z
      value: 0.5
      objectReference: {fileID: 0}
    - target: {fileID: 400002, guid: 0809c3139b25eae4eb586eed31b50d73, type: 3}
      propertyPath: m_LocalRotation.w
      value: 0.5
      objectReference: {fileID: 0}
    - target: {fileID: 400002, guid: 0809c3139b25eae4eb586eed31b50d73, type: 3}
      propertyPath: m_RootOrder
      value: 6
      objectReference: {fileID: 0}
    - target: {fileID: 400002, guid: 0809c3139b25eae4eb586eed31b50d73, type: 3}
      propertyPath: m_LocalScale.x
      value: 3.3765495
      objectReference: {fileID: 0}
    - target: {fileID: 400002, guid: 0809c3139b25eae4eb586eed31b50d73, type: 3}
      propertyPath: m_LocalScale.y
      value: 0.32674158
      objectReference: {fileID: 0}
    - target: {fileID: 400002, guid: 0809c3139b25eae4eb586eed31b50d73, type: 3}
      propertyPath: m_LocalScale.z
      value: 8.993024
      objectReference: {fileID: 0}
    - target: {fileID: 400002, guid: 0809c3139b25eae4eb586eed31b50d73, type: 3}
      propertyPath: m_LocalEulerAnglesHint.x
      value: -90.00001
      objectReference: {fileID: 0}
    - target: {fileID: 400002, guid: 0809c3139b25eae4eb586eed31b50d73, type: 3}
      propertyPath: m_LocalEulerAnglesHint.z
      value: 90
      objectReference: {fileID: 0}
    m_RemovedComponents: []
  m_ParentPrefab: {fileID: 100100000, guid: 0809c3139b25eae4eb586eed31b50d73, type: 3}
  m_IsPrefabParent: 0
--- !u!1 &1300269576
GameObject:
  m_ObjectHideFlags: 0
  m_PrefabParentObject: {fileID: 0}
  m_PrefabInternal: {fileID: 0}
  serializedVersion: 5
  m_Component:
  - component: {fileID: 1300269578}
  - component: {fileID: 1300269577}
  m_Layer: 0
  m_Name: Point light (3)
  m_TagString: Untagged
  m_Icon: {fileID: 0}
  m_NavMeshLayer: 0
  m_StaticEditorFlags: 0
  m_IsActive: 1
--- !u!108 &1300269577
Light:
  m_ObjectHideFlags: 0
  m_PrefabParentObject: {fileID: 0}
  m_PrefabInternal: {fileID: 0}
  m_GameObject: {fileID: 1300269576}
  m_Enabled: 1
  serializedVersion: 8
  m_Type: 0
  m_Color: {r: 1, g: 0.80689657, b: 0, a: 1}
  m_Intensity: 11.6
  m_Range: 0.98695934
  m_SpotAngle: 74.9
  m_CookieSize: 10
  m_Shadows:
    m_Type: 0
    m_Resolution: -1
    m_CustomResolution: -1
    m_Strength: 1
    m_Bias: 0.05
    m_NormalBias: 0.4
    m_NearPlane: 0.2
  m_Cookie: {fileID: 0}
  m_DrawHalo: 0
  m_Flare: {fileID: 0}
  m_RenderMode: 0
  m_CullingMask:
    serializedVersion: 2
    m_Bits: 4294967295
  m_Lightmapping: 1
  m_AreaSize: {x: 10.189898, y: 12.024069}
  m_BounceIntensity: 5
  m_FalloffTable:
    m_Table[0]: 0
    m_Table[1]: 0
    m_Table[2]: 0
    m_Table[3]: 0
    m_Table[4]: 0
    m_Table[5]: 0
    m_Table[6]: 0
    m_Table[7]: 0
    m_Table[8]: 0
    m_Table[9]: 0
    m_Table[10]: 0
    m_Table[11]: 0
    m_Table[12]: 0
  m_ColorTemperature: 6570
  m_UseColorTemperature: 0
  m_ShadowRadius: 0
  m_ShadowAngle: 0
--- !u!4 &1300269578
Transform:
  m_ObjectHideFlags: 0
  m_PrefabParentObject: {fileID: 0}
  m_PrefabInternal: {fileID: 0}
  m_GameObject: {fileID: 1300269576}
  m_LocalRotation: {x: -0.028163392, y: 0.66605026, z: -0.7447133, w: -0.031402227}
  m_LocalPosition: {x: 7.45, y: 5.109, z: 6.437}
  m_LocalScale: {x: -1.2495682, y: 0.36093128, z: 0.6408993}
  m_Children: []
  m_Father: {fileID: 0}
  m_RootOrder: 20
  m_LocalEulerAnglesHint: {x: -263.617, y: -179.94, z: -724.775}
--- !u!1 &1300705983
GameObject:
  m_ObjectHideFlags: 0
  m_PrefabParentObject: {fileID: 0}
  m_PrefabInternal: {fileID: 0}
  serializedVersion: 5
  m_Component:
  - component: {fileID: 1300705985}
  - component: {fileID: 1300705984}
  m_Layer: 0
  m_Name: Point light (2)
  m_TagString: Untagged
  m_Icon: {fileID: 0}
  m_NavMeshLayer: 0
  m_StaticEditorFlags: 0
  m_IsActive: 1
--- !u!108 &1300705984
Light:
  m_ObjectHideFlags: 0
  m_PrefabParentObject: {fileID: 0}
  m_PrefabInternal: {fileID: 0}
  m_GameObject: {fileID: 1300705983}
  m_Enabled: 1
  serializedVersion: 8
  m_Type: 0
  m_Color: {r: 1, g: 0.80689657, b: 0, a: 1}
  m_Intensity: 6.5
  m_Range: 5.1304646
  m_SpotAngle: 74.9
  m_CookieSize: 10
  m_Shadows:
    m_Type: 0
    m_Resolution: -1
    m_CustomResolution: -1
    m_Strength: 1
    m_Bias: 0.05
    m_NormalBias: 0.4
    m_NearPlane: 0.2
  m_Cookie: {fileID: 0}
  m_DrawHalo: 0
  m_Flare: {fileID: 0}
  m_RenderMode: 0
  m_CullingMask:
    serializedVersion: 2
    m_Bits: 4294967295
  m_Lightmapping: 1
  m_AreaSize: {x: 10.189898, y: 12.024069}
  m_BounceIntensity: 5
  m_FalloffTable:
    m_Table[0]: 0
    m_Table[1]: 0
    m_Table[2]: 0
    m_Table[3]: 0
    m_Table[4]: 0
    m_Table[5]: 0
    m_Table[6]: 0
    m_Table[7]: 0
    m_Table[8]: 0
    m_Table[9]: 0
    m_Table[10]: 0
    m_Table[11]: 0
    m_Table[12]: 0
  m_ColorTemperature: 6570
  m_UseColorTemperature: 0
  m_ShadowRadius: 0
  m_ShadowAngle: 0
--- !u!4 &1300705985
Transform:
  m_ObjectHideFlags: 0
  m_PrefabParentObject: {fileID: 0}
  m_PrefabInternal: {fileID: 0}
  m_GameObject: {fileID: 1300705983}
  m_LocalRotation: {x: -0.028163392, y: 0.66605026, z: -0.7447133, w: -0.031402227}
  m_LocalPosition: {x: 5.27, y: 7.11, z: 7.13}
  m_LocalScale: {x: -1.1393293, y: 0.3290894, z: 0.5843582}
  m_Children: []
  m_Father: {fileID: 0}
  m_RootOrder: 19
  m_LocalEulerAnglesHint: {x: -263.617, y: -179.94, z: -724.775}
--- !u!1001 &1350862102
Prefab:
  m_ObjectHideFlags: 0
  serializedVersion: 2
  m_Modification:
    m_TransformParent: {fileID: 0}
    m_Modifications:
    - target: {fileID: 400002, guid: 343f0178e014307428ab1dbd51a94230, type: 3}
      propertyPath: m_LocalPosition.x
      value: 6.534
      objectReference: {fileID: 0}
    - target: {fileID: 400002, guid: 343f0178e014307428ab1dbd51a94230, type: 3}
      propertyPath: m_LocalPosition.y
      value: 3.0427332
      objectReference: {fileID: 0}
    - target: {fileID: 400002, guid: 343f0178e014307428ab1dbd51a94230, type: 3}
      propertyPath: m_LocalPosition.z
      value: 7.944
      objectReference: {fileID: 0}
    - target: {fileID: 400002, guid: 343f0178e014307428ab1dbd51a94230, type: 3}
      propertyPath: m_LocalRotation.x
      value: -0
      objectReference: {fileID: 0}
    - target: {fileID: 400002, guid: 343f0178e014307428ab1dbd51a94230, type: 3}
      propertyPath: m_LocalRotation.y
      value: -0.2738983
      objectReference: {fileID: 0}
    - target: {fileID: 400002, guid: 343f0178e014307428ab1dbd51a94230, type: 3}
      propertyPath: m_LocalRotation.z
      value: -0
      objectReference: {fileID: 0}
    - target: {fileID: 400002, guid: 343f0178e014307428ab1dbd51a94230, type: 3}
      propertyPath: m_LocalRotation.w
      value: 0.96175873
      objectReference: {fileID: 0}
    - target: {fileID: 400002, guid: 343f0178e014307428ab1dbd51a94230, type: 3}
      propertyPath: m_RootOrder
      value: 13
      objectReference: {fileID: 0}
    - target: {fileID: 400000, guid: 343f0178e014307428ab1dbd51a94230, type: 3}
      propertyPath: m_LocalPosition.y
      value: -0.763
      objectReference: {fileID: 0}
    - target: {fileID: 400000, guid: 343f0178e014307428ab1dbd51a94230, type: 3}
      propertyPath: m_LocalScale.x
      value: 0.020140018
      objectReference: {fileID: 0}
    - target: {fileID: 400000, guid: 343f0178e014307428ab1dbd51a94230, type: 3}
      propertyPath: m_LocalScale.y
      value: 0.020140018
      objectReference: {fileID: 0}
    - target: {fileID: 400000, guid: 343f0178e014307428ab1dbd51a94230, type: 3}
      propertyPath: m_LocalScale.z
      value: 0.020140018
      objectReference: {fileID: 0}
    - target: {fileID: 400000, guid: 343f0178e014307428ab1dbd51a94230, type: 3}
      propertyPath: m_LocalPosition.x
      value: -4.157
      objectReference: {fileID: 0}
    - target: {fileID: 400000, guid: 343f0178e014307428ab1dbd51a94230, type: 3}
      propertyPath: m_LocalPosition.z
      value: -0.733
      objectReference: {fileID: 0}
    - target: {fileID: 400000, guid: 343f0178e014307428ab1dbd51a94230, type: 3}
      propertyPath: m_LocalRotation.x
      value: 0
      objectReference: {fileID: 0}
    - target: {fileID: 400000, guid: 343f0178e014307428ab1dbd51a94230, type: 3}
      propertyPath: m_LocalRotation.y
      value: -1
      objectReference: {fileID: 0}
    - target: {fileID: 400000, guid: 343f0178e014307428ab1dbd51a94230, type: 3}
      propertyPath: m_LocalRotation.w
      value: 0
      objectReference: {fileID: 0}
    - target: {fileID: 400000, guid: 343f0178e014307428ab1dbd51a94230, type: 3}
      propertyPath: m_LocalEulerAnglesHint.y
      value: -180
      objectReference: {fileID: 0}
    - target: {fileID: 400000, guid: 343f0178e014307428ab1dbd51a94230, type: 3}
      propertyPath: m_LocalRotation.z
      value: 0
      objectReference: {fileID: 0}
    - target: {fileID: 400002, guid: 343f0178e014307428ab1dbd51a94230, type: 3}
      propertyPath: m_LocalEulerAnglesHint.y
      value: -31.793001
      objectReference: {fileID: 0}
    - target: {fileID: 2300000, guid: 343f0178e014307428ab1dbd51a94230, type: 3}
      propertyPath: m_Materials.Array.data[0]
      value: 
      objectReference: {fileID: 2100000, guid: aeb47b7efb441124ead5e44da67397e8, type: 2}
    m_RemovedComponents: []
  m_ParentPrefab: {fileID: 100100000, guid: 343f0178e014307428ab1dbd51a94230, type: 3}
  m_IsPrefabParent: 0
--- !u!1 &1546412825
GameObject:
  m_ObjectHideFlags: 0
  m_PrefabParentObject: {fileID: 0}
  m_PrefabInternal: {fileID: 0}
  serializedVersion: 5
  m_Component:
  - component: {fileID: 1546412829}
  - component: {fileID: 1546412828}
  - component: {fileID: 1546412827}
  - component: {fileID: 1546412826}
  m_Layer: 0
  m_Name: Cube (1)
  m_TagString: Untagged
  m_Icon: {fileID: 0}
  m_NavMeshLayer: 0
  m_StaticEditorFlags: 0
  m_IsActive: 1
--- !u!23 &1546412826
MeshRenderer:
  m_ObjectHideFlags: 0
  m_PrefabParentObject: {fileID: 0}
  m_PrefabInternal: {fileID: 0}
  m_GameObject: {fileID: 1546412825}
  m_Enabled: 1
  m_CastShadows: 1
  m_ReceiveShadows: 1
  m_MotionVectors: 1
  m_LightProbeUsage: 1
  m_ReflectionProbeUsage: 1
  m_Materials:
  - {fileID: 2100000, guid: 0bb142c2067b8dd409526ea07c7a27cc, type: 2}
  m_StaticBatchInfo:
    firstSubMesh: 0
    subMeshCount: 0
  m_StaticBatchRoot: {fileID: 0}
  m_ProbeAnchor: {fileID: 0}
  m_LightProbeVolumeOverride: {fileID: 0}
  m_ScaleInLightmap: 1
  m_PreserveUVs: 1
  m_IgnoreNormalsForChartDetection: 0
  m_ImportantGI: 0
  m_SelectedEditorRenderState: 3
  m_MinimumChartSize: 4
  m_AutoUVMaxDistance: 0.5
  m_AutoUVMaxAngle: 89
  m_LightmapParameters: {fileID: 0}
  m_SortingLayerID: 0
  m_SortingLayer: 0
  m_SortingOrder: 0
--- !u!65 &1546412827
BoxCollider:
  m_ObjectHideFlags: 0
  m_PrefabParentObject: {fileID: 0}
  m_PrefabInternal: {fileID: 0}
  m_GameObject: {fileID: 1546412825}
  m_Material: {fileID: 0}
  m_IsTrigger: 0
  m_Enabled: 1
  serializedVersion: 2
  m_Size: {x: 1, y: 1, z: 1}
  m_Center: {x: 0, y: 0, z: 0}
--- !u!33 &1546412828
MeshFilter:
  m_ObjectHideFlags: 0
  m_PrefabParentObject: {fileID: 0}
  m_PrefabInternal: {fileID: 0}
  m_GameObject: {fileID: 1546412825}
  m_Mesh: {fileID: 10202, guid: 0000000000000000e000000000000000, type: 0}
--- !u!4 &1546412829
Transform:
  m_ObjectHideFlags: 0
  m_PrefabParentObject: {fileID: 0}
  m_PrefabInternal: {fileID: 0}
  m_GameObject: {fileID: 1546412825}
  m_LocalRotation: {x: 0, y: 0, z: 0, w: 1}
  m_LocalPosition: {x: 5.16, y: 2.546, z: 7.43}
  m_LocalScale: {x: 7.8972154, y: 0.10549385, z: 3.5898147}
  m_Children: []
  m_Father: {fileID: 0}
  m_RootOrder: 17
  m_LocalEulerAnglesHint: {x: 0, y: 0, z: 0}
--- !u!1001 &1658433372
Prefab:
  m_ObjectHideFlags: 0
  serializedVersion: 2
  m_Modification:
    m_TransformParent: {fileID: 0}
    m_Modifications:
    - target: {fileID: 400000, guid: b13852fb6cae82b40b9b8a09655ae06d, type: 3}
      propertyPath: m_LocalPosition.x
      value: 6.026
      objectReference: {fileID: 0}
    - target: {fileID: 400000, guid: b13852fb6cae82b40b9b8a09655ae06d, type: 3}
      propertyPath: m_LocalPosition.y
      value: 5
      objectReference: {fileID: 0}
    - target: {fileID: 400000, guid: b13852fb6cae82b40b9b8a09655ae06d, type: 3}
      propertyPath: m_LocalPosition.z
      value: 8.879
      objectReference: {fileID: 0}
    - target: {fileID: 400000, guid: b13852fb6cae82b40b9b8a09655ae06d, type: 3}
      propertyPath: m_LocalRotation.x
      value: 1
      objectReference: {fileID: 0}
    - target: {fileID: 400000, guid: b13852fb6cae82b40b9b8a09655ae06d, type: 3}
      propertyPath: m_LocalRotation.y
      value: 0
      objectReference: {fileID: 0}
    - target: {fileID: 400000, guid: b13852fb6cae82b40b9b8a09655ae06d, type: 3}
      propertyPath: m_LocalRotation.z
      value: 0
      objectReference: {fileID: 0}
    - target: {fileID: 400000, guid: b13852fb6cae82b40b9b8a09655ae06d, type: 3}
      propertyPath: m_LocalRotation.w
      value: 0
      objectReference: {fileID: 0}
    - target: {fileID: 400000, guid: b13852fb6cae82b40b9b8a09655ae06d, type: 3}
      propertyPath: m_RootOrder
      value: 1
      objectReference: {fileID: 0}
    - target: {fileID: 400000, guid: b13852fb6cae82b40b9b8a09655ae06d, type: 3}
      propertyPath: m_LocalScale.x
      value: -38.133022
      objectReference: {fileID: 0}
    - target: {fileID: 400000, guid: b13852fb6cae82b40b9b8a09655ae06d, type: 3}
      propertyPath: m_LocalScale.y
      value: -51.60101
      objectReference: {fileID: 0}
    - target: {fileID: 400000, guid: b13852fb6cae82b40b9b8a09655ae06d, type: 3}
      propertyPath: m_LocalScale.z
      value: -51.60101
      objectReference: {fileID: 0}
    - target: {fileID: 400000, guid: b13852fb6cae82b40b9b8a09655ae06d, type: 3}
      propertyPath: m_LocalEulerAnglesHint.x
      value: 180
      objectReference: {fileID: 0}
    - target: {fileID: 400000, guid: b13852fb6cae82b40b9b8a09655ae06d, type: 3}
      propertyPath: m_LocalEulerAnglesHint.y
      value: 0
      objectReference: {fileID: 0}
    - target: {fileID: 400000, guid: b13852fb6cae82b40b9b8a09655ae06d, type: 3}
      propertyPath: m_LocalEulerAnglesHint.z
      value: 0
      objectReference: {fileID: 0}
    m_RemovedComponents: []
  m_ParentPrefab: {fileID: 100100000, guid: b13852fb6cae82b40b9b8a09655ae06d, type: 3}
  m_IsPrefabParent: 0
--- !u!1 &1703616674
GameObject:
  m_ObjectHideFlags: 0
  m_PrefabParentObject: {fileID: 0}
  m_PrefabInternal: {fileID: 0}
  serializedVersion: 5
  m_Component:
  - component: {fileID: 1703616676}
  - component: {fileID: 1703616675}
  m_Layer: 0
  m_Name: Spotlight
  m_TagString: Untagged
  m_Icon: {fileID: 0}
  m_NavMeshLayer: 0
  m_StaticEditorFlags: 0
  m_IsActive: 1
--- !u!108 &1703616675
Light:
  m_ObjectHideFlags: 0
  m_PrefabParentObject: {fileID: 0}
  m_PrefabInternal: {fileID: 0}
  m_GameObject: {fileID: 1703616674}
  m_Enabled: 1
  serializedVersion: 8
  m_Type: 1
  m_Color: {r: 1, g: 1, b: 1, a: 1}
  m_Intensity: 1
  m_Range: 5.0549355
  m_SpotAngle: 83
  m_CookieSize: 10
  m_Shadows:
    m_Type: 0
    m_Resolution: -1
    m_CustomResolution: -1
    m_Strength: 1
    m_Bias: 0.05
    m_NormalBias: 0.4
    m_NearPlane: 0.2
  m_Cookie: {fileID: 0}
  m_DrawHalo: 0
  m_Flare: {fileID: 0}
  m_RenderMode: 0
  m_CullingMask:
    serializedVersion: 2
    m_Bits: 4294967295
  m_Lightmapping: 4
  m_AreaSize: {x: 1, y: 1}
  m_BounceIntensity: 1
  m_FalloffTable:
    m_Table[0]: 0
    m_Table[1]: 0
    m_Table[2]: 0
    m_Table[3]: 0
    m_Table[4]: 0
    m_Table[5]: 0
    m_Table[6]: 0
    m_Table[7]: 0
    m_Table[8]: 0
    m_Table[9]: 0
    m_Table[10]: 0
    m_Table[11]: 0
    m_Table[12]: 0
  m_ColorTemperature: 6570
  m_UseColorTemperature: 0
  m_ShadowRadius: 0
  m_ShadowAngle: 0
--- !u!4 &1703616676
Transform:
  m_ObjectHideFlags: 0
  m_PrefabParentObject: {fileID: 0}
  m_PrefabInternal: {fileID: 0}
  m_GameObject: {fileID: 1703616674}
  m_LocalRotation: {x: -0.7065658, y: -0.10224636, z: -0.11372605, w: -0.69092464}
  m_LocalPosition: {x: 3.69, y: 4.87, z: 7.172001}
  m_LocalScale: {x: 0.5402487, y: 0.5402488, z: 0.24761856}
  m_Children: []
  m_Father: {fileID: 0}
  m_RootOrder: 3
  m_LocalEulerAnglesHint: {x: -252.38501, y: -86.328, z: -85.38699}
--- !u!1 &1777423336
GameObject:
  m_ObjectHideFlags: 0
  m_PrefabParentObject: {fileID: 100024, guid: 577188b3af6cb3446ab8fc0c9a38cef9, type: 3}
  m_PrefabInternal: {fileID: 0}
  serializedVersion: 5
  m_Component:
  - component: {fileID: 1777423337}
  - component: {fileID: 1777423339}
  - component: {fileID: 1777423338}
  m_Layer: 0
  m_Name: wall
  m_TagString: Untagged
  m_Icon: {fileID: 0}
  m_NavMeshLayer: 0
  m_StaticEditorFlags: 0
  m_IsActive: 1
--- !u!4 &1777423337
Transform:
  m_ObjectHideFlags: 0
  m_PrefabParentObject: {fileID: 400024, guid: 577188b3af6cb3446ab8fc0c9a38cef9, type: 3}
  m_PrefabInternal: {fileID: 0}
  m_GameObject: {fileID: 1777423336}
  m_LocalRotation: {x: 0, y: 0.000000013290029, z: -0, w: 1}
  m_LocalPosition: {x: 0.12042007, y: 3.387159, z: 1.8367362}
  m_LocalScale: {x: 0.8308957, y: 1, z: 1.4156984}
  m_Children: []
  m_Father: {fileID: 2048916800}
  m_RootOrder: 2
  m_LocalEulerAnglesHint: {x: 0, y: 0, z: 0}
--- !u!23 &1777423338
MeshRenderer:
  m_ObjectHideFlags: 0
  m_PrefabParentObject: {fileID: 2300022, guid: 577188b3af6cb3446ab8fc0c9a38cef9,
    type: 3}
  m_PrefabInternal: {fileID: 0}
  m_GameObject: {fileID: 1777423336}
  m_Enabled: 1
  m_CastShadows: 1
  m_ReceiveShadows: 1
  m_MotionVectors: 1
  m_LightProbeUsage: 1
  m_ReflectionProbeUsage: 1
  m_Materials:
  - {fileID: 2100000, guid: f750230813a962644a644af327069cc1, type: 2}
  m_StaticBatchInfo:
    firstSubMesh: 0
    subMeshCount: 0
  m_StaticBatchRoot: {fileID: 0}
  m_ProbeAnchor: {fileID: 0}
  m_LightProbeVolumeOverride: {fileID: 0}
  m_ScaleInLightmap: 1
  m_PreserveUVs: 0
  m_IgnoreNormalsForChartDetection: 0
  m_ImportantGI: 0
  m_SelectedEditorRenderState: 3
  m_MinimumChartSize: 4
  m_AutoUVMaxDistance: 0.5
  m_AutoUVMaxAngle: 89
  m_LightmapParameters: {fileID: 0}
  m_SortingLayerID: 0
  m_SortingLayer: 0
  m_SortingOrder: 0
--- !u!33 &1777423339
MeshFilter:
  m_ObjectHideFlags: 0
  m_PrefabParentObject: {fileID: 3300022, guid: 577188b3af6cb3446ab8fc0c9a38cef9,
    type: 3}
  m_PrefabInternal: {fileID: 0}
  m_GameObject: {fileID: 1777423336}
  m_Mesh: {fileID: 4300026, guid: 577188b3af6cb3446ab8fc0c9a38cef9, type: 3}
--- !u!1 &1814382339
GameObject:
  m_ObjectHideFlags: 0
  m_PrefabParentObject: {fileID: 0}
  m_PrefabInternal: {fileID: 0}
  serializedVersion: 5
  m_Component:
  - component: {fileID: 1814382341}
  - component: {fileID: 1814382340}
  m_Layer: 0
  m_Name: Point light (5)
  m_TagString: Untagged
  m_Icon: {fileID: 0}
  m_NavMeshLayer: 0
  m_StaticEditorFlags: 0
  m_IsActive: 1
--- !u!108 &1814382340
Light:
  m_ObjectHideFlags: 0
  m_PrefabParentObject: {fileID: 0}
  m_PrefabInternal: {fileID: 0}
  m_GameObject: {fileID: 1814382339}
  m_Enabled: 1
  serializedVersion: 8
  m_Type: 0
  m_Color: {r: 0.9935091, g: 1, b: 0.88235295, a: 1}
  m_Intensity: 10
  m_Range: 2.334648
  m_SpotAngle: 117.526344
  m_CookieSize: 10
  m_Shadows:
    m_Type: 0
    m_Resolution: -1
    m_CustomResolution: -1
    m_Strength: 1
    m_Bias: 0.05
    m_NormalBias: 0.4
    m_NearPlane: 0.2
  m_Cookie: {fileID: 0}
  m_DrawHalo: 0
  m_Flare: {fileID: 0}
  m_RenderMode: 0
  m_CullingMask:
    serializedVersion: 2
    m_Bits: 4294967295
  m_Lightmapping: 1
  m_AreaSize: {x: 10.189898, y: 12.024069}
  m_BounceIntensity: 5
  m_FalloffTable:
    m_Table[0]: 0
    m_Table[1]: 0
    m_Table[2]: 0
    m_Table[3]: 0
    m_Table[4]: 0
    m_Table[5]: 0
    m_Table[6]: 0
    m_Table[7]: 0
    m_Table[8]: 0
    m_Table[9]: 0
    m_Table[10]: 0
    m_Table[11]: 0
    m_Table[12]: 0
  m_ColorTemperature: 6570
  m_UseColorTemperature: 0
  m_ShadowRadius: 0
  m_ShadowAngle: 0
--- !u!4 &1814382341
Transform:
  m_ObjectHideFlags: 0
  m_PrefabParentObject: {fileID: 0}
  m_PrefabInternal: {fileID: 0}
  m_GameObject: {fileID: 1814382339}
  m_LocalRotation: {x: -0.013286236, y: 0.37268135, z: -0.92453, w: 0.07859017}
  m_LocalPosition: {x: 4.985, y: 4.329, z: 5.09}
  m_LocalScale: {x: -1.1393293, y: 0.3290894, z: 0.5843582}
  m_Children: []
  m_Father: {fileID: 0}
  m_RootOrder: 22
  m_LocalEulerAnglesHint: {x: -223.395, y: -173.43, z: -707.666}
--- !u!1 &1820507458
GameObject:
  m_ObjectHideFlags: 0
  m_PrefabParentObject: {fileID: 100026, guid: 577188b3af6cb3446ab8fc0c9a38cef9, type: 3}
  m_PrefabInternal: {fileID: 0}
  serializedVersion: 5
  m_Component:
  - component: {fileID: 1820507459}
  - component: {fileID: 1820507461}
  - component: {fileID: 1820507460}
  m_Layer: 0
  m_Name: wall_edges
  m_TagString: Untagged
  m_Icon: {fileID: 0}
  m_NavMeshLayer: 0
  m_StaticEditorFlags: 0
  m_IsActive: 1
--- !u!4 &1820507459
Transform:
  m_ObjectHideFlags: 0
  m_PrefabParentObject: {fileID: 400026, guid: 577188b3af6cb3446ab8fc0c9a38cef9, type: 3}
  m_PrefabInternal: {fileID: 0}
  m_GameObject: {fileID: 1820507458}
  m_LocalRotation: {x: 6.123234e-17, y: 1, z: -6.123234e-17, w: 6.123234e-17}
  m_LocalPosition: {x: 0.18924007, y: 0.83820313, z: -2.985914}
  m_LocalScale: {x: 0.8308957, y: 1, z: 1.4156984}
  m_Children: []
  m_Father: {fileID: 2048916800}
  m_RootOrder: 3
  m_LocalEulerAnglesHint: {x: 0, y: 0, z: 0}
--- !u!23 &1820507460
MeshRenderer:
  m_ObjectHideFlags: 0
  m_PrefabParentObject: {fileID: 2300024, guid: 577188b3af6cb3446ab8fc0c9a38cef9,
    type: 3}
  m_PrefabInternal: {fileID: 0}
  m_GameObject: {fileID: 1820507458}
  m_Enabled: 1
  m_CastShadows: 1
  m_ReceiveShadows: 1
  m_MotionVectors: 1
  m_LightProbeUsage: 1
  m_ReflectionProbeUsage: 1
  m_Materials:
  - {fileID: 2100000, guid: 0385c9d3e1160ff4eb4666664b2b0ee7, type: 2}
  m_StaticBatchInfo:
    firstSubMesh: 0
    subMeshCount: 0
  m_StaticBatchRoot: {fileID: 0}
  m_ProbeAnchor: {fileID: 0}
  m_LightProbeVolumeOverride: {fileID: 0}
  m_ScaleInLightmap: 1
  m_PreserveUVs: 0
  m_IgnoreNormalsForChartDetection: 0
  m_ImportantGI: 0
  m_SelectedEditorRenderState: 3
  m_MinimumChartSize: 4
  m_AutoUVMaxDistance: 0.5
  m_AutoUVMaxAngle: 89
  m_LightmapParameters: {fileID: 0}
  m_SortingLayerID: 0
  m_SortingLayer: 0
  m_SortingOrder: 0
--- !u!33 &1820507461
MeshFilter:
  m_ObjectHideFlags: 0
  m_PrefabParentObject: {fileID: 3300024, guid: 577188b3af6cb3446ab8fc0c9a38cef9,
    type: 3}
  m_PrefabInternal: {fileID: 0}
  m_GameObject: {fileID: 1820507458}
  m_Mesh: {fileID: 4300000, guid: 577188b3af6cb3446ab8fc0c9a38cef9, type: 3}
--- !u!1 &2048916799
GameObject:
  m_ObjectHideFlags: 0
  m_PrefabParentObject: {fileID: 100020, guid: 577188b3af6cb3446ab8fc0c9a38cef9, type: 3}
  m_PrefabInternal: {fileID: 0}
  serializedVersion: 5
  m_Component:
  - component: {fileID: 2048916800}
  m_Layer: 0
  m_Name: room_lp_fbx2014
  m_TagString: Untagged
  m_Icon: {fileID: 0}
  m_NavMeshLayer: 0
  m_StaticEditorFlags: 0
  m_IsActive: 1
--- !u!4 &2048916800
Transform:
  m_ObjectHideFlags: 0
  m_PrefabParentObject: {fileID: 400020, guid: 577188b3af6cb3446ab8fc0c9a38cef9, type: 3}
  m_PrefabInternal: {fileID: 0}
  m_GameObject: {fileID: 2048916799}
  m_LocalRotation: {x: 0, y: -0, z: -0, w: 1}
  m_LocalPosition: {x: 4.947616, y: 1.4758425, z: 6.3904886}
  m_LocalScale: {x: 1, y: 1, z: 1}
  m_Children:
  - {fileID: 1213993027}
  - {fileID: 258849030}
  - {fileID: 1777423337}
  - {fileID: 1820507459}
  m_Father: {fileID: 0}
  m_RootOrder: 14
  m_LocalEulerAnglesHint: {x: 0, y: 0, z: 0}
--- !u!1001 &2068303678
Prefab:
  m_ObjectHideFlags: 0
  serializedVersion: 2
  m_Modification:
    m_TransformParent: {fileID: 0}
    m_Modifications:
    - target: {fileID: 400004, guid: 6697214d4eaa0d042860d0589dc7ad02, type: 3}
      propertyPath: m_LocalPosition.x
      value: 5.892
      objectReference: {fileID: 0}
    - target: {fileID: 400004, guid: 6697214d4eaa0d042860d0589dc7ad02, type: 3}
      propertyPath: m_LocalPosition.y
      value: 2.305
      objectReference: {fileID: 0}
    - target: {fileID: 400004, guid: 6697214d4eaa0d042860d0589dc7ad02, type: 3}
      propertyPath: m_LocalPosition.z
      value: 5.036
      objectReference: {fileID: 0}
    - target: {fileID: 400004, guid: 6697214d4eaa0d042860d0589dc7ad02, type: 3}
      propertyPath: m_LocalRotation.x
      value: 0
      objectReference: {fileID: 0}
    - target: {fileID: 400004, guid: 6697214d4eaa0d042860d0589dc7ad02, type: 3}
      propertyPath: m_LocalRotation.y
      value: 0
      objectReference: {fileID: 0}
    - target: {fileID: 400004, guid: 6697214d4eaa0d042860d0589dc7ad02, type: 3}
      propertyPath: m_LocalRotation.z
      value: 0
      objectReference: {fileID: 0}
    - target: {fileID: 400004, guid: 6697214d4eaa0d042860d0589dc7ad02, type: 3}
      propertyPath: m_LocalRotation.w
      value: 1
      objectReference: {fileID: 0}
    - target: {fileID: 400004, guid: 6697214d4eaa0d042860d0589dc7ad02, type: 3}
      propertyPath: m_RootOrder
      value: 10
      objectReference: {fileID: 0}
    - target: {fileID: 400004, guid: 6697214d4eaa0d042860d0589dc7ad02, type: 3}
      propertyPath: m_LocalScale.x
      value: 24.039778
      objectReference: {fileID: 0}
    - target: {fileID: 400004, guid: 6697214d4eaa0d042860d0589dc7ad02, type: 3}
      propertyPath: m_LocalScale.y
      value: 52.60713
      objectReference: {fileID: 0}
    - target: {fileID: 400004, guid: 6697214d4eaa0d042860d0589dc7ad02, type: 3}
      propertyPath: m_LocalScale.z
      value: 24.039803
      objectReference: {fileID: 0}
    - target: {fileID: 2300002, guid: 6697214d4eaa0d042860d0589dc7ad02, type: 3}
      propertyPath: m_Materials.Array.data[0]
      value: 
      objectReference: {fileID: 2100000, guid: 72b5168b8c38a2447a038b733f03fadb, type: 2}
    - target: {fileID: 2300000, guid: 6697214d4eaa0d042860d0589dc7ad02, type: 3}
      propertyPath: m_Materials.Array.data[0]
      value: 
      objectReference: {fileID: 2100000, guid: 72b5168b8c38a2447a038b733f03fadb, type: 2}
    - target: {fileID: 2300004, guid: 6697214d4eaa0d042860d0589dc7ad02, type: 3}
      propertyPath: m_Materials.Array.data[0]
      value: 
      objectReference: {fileID: 2100000, guid: 72b5168b8c38a2447a038b733f03fadb, type: 2}
    m_RemovedComponents: []
  m_ParentPrefab: {fileID: 100100000, guid: 6697214d4eaa0d042860d0589dc7ad02, type: 3}
  m_IsPrefabParent: 0
--- !u!1 &2118338667
GameObject:
  m_ObjectHideFlags: 0
  m_PrefabParentObject: {fileID: 100012, guid: b166812e721a2aa419ac886b4e99382c, type: 3}
  m_PrefabInternal: {fileID: 0}
  serializedVersion: 5
  m_Component:
  - component: {fileID: 2118338668}
  m_Layer: 0
  m_Name: Window
  m_TagString: Untagged
  m_Icon: {fileID: 0}
  m_NavMeshLayer: 0
  m_StaticEditorFlags: 0
  m_IsActive: 1
--- !u!4 &2118338668
Transform:
  m_ObjectHideFlags: 0
  m_PrefabParentObject: {fileID: 400014, guid: b166812e721a2aa419ac886b4e99382c, type: 3}
  m_PrefabInternal: {fileID: 0}
  m_GameObject: {fileID: 2118338667}
  m_LocalRotation: {x: 0, y: -0.7071068, z: 0, w: 0.7071068}
  m_LocalPosition: {x: 6.77, y: 3.58, z: 8.78}
  m_LocalScale: {x: 0.82663965, y: 0.8266396, z: 0.8266396}
  m_Children:
  - {fileID: 197549030}
  - {fileID: 917558907}
  m_Father: {fileID: 0}
  m_RootOrder: 2
  m_LocalEulerAnglesHint: {x: 0, y: -90, z: 0}
--- !u!1 &2128048234
GameObject:
  m_ObjectHideFlags: 0
  m_PrefabParentObject: {fileID: 0}
  m_PrefabInternal: {fileID: 0}
  serializedVersion: 5
  m_Component:
  - component: {fileID: 2128048239}
  - component: {fileID: 2128048238}
  - component: {fileID: 2128048237}
  - component: {fileID: 2128048236}
  - component: {fileID: 2128048235}
  m_Layer: 0
  m_Name: Main Camera
  m_TagString: MainCamera
  m_Icon: {fileID: 0}
  m_NavMeshLayer: 0
  m_StaticEditorFlags: 0
  m_IsActive: 1
--- !u!81 &2128048235
AudioListener:
  m_ObjectHideFlags: 0
  m_PrefabParentObject: {fileID: 0}
  m_PrefabInternal: {fileID: 0}
  m_GameObject: {fileID: 2128048234}
  m_Enabled: 1
--- !u!124 &2128048236
Behaviour:
  m_ObjectHideFlags: 0
  m_PrefabParentObject: {fileID: 0}
  m_PrefabInternal: {fileID: 0}
  m_GameObject: {fileID: 2128048234}
  m_Enabled: 1
--- !u!92 &2128048237
Behaviour:
  m_ObjectHideFlags: 0
  m_PrefabParentObject: {fileID: 0}
  m_PrefabInternal: {fileID: 0}
  m_GameObject: {fileID: 2128048234}
  m_Enabled: 1
--- !u!20 &2128048238
Camera:
  m_ObjectHideFlags: 0
  m_PrefabParentObject: {fileID: 0}
  m_PrefabInternal: {fileID: 0}
  m_GameObject: {fileID: 2128048234}
  m_Enabled: 1
  serializedVersion: 2
  m_ClearFlags: 1
  m_BackGroundColor: {r: 0.19215687, g: 0.3019608, b: 0.4745098, a: 0}
  m_NormalizedViewPortRect:
    serializedVersion: 2
    x: 0
    y: 0
    width: 1
    height: 1
  near clip plane: 0.3
  far clip plane: 1000
  field of view: 60
  orthographic: 0
  orthographic size: 5
  m_Depth: -1
  m_CullingMask:
    serializedVersion: 2
    m_Bits: 4294967295
  m_RenderingPath: -1
  m_TargetTexture: {fileID: 0}
  m_TargetDisplay: 0
  m_TargetEye: 3
  m_HDR: 1
  m_AllowMSAA: 1
  m_ForceIntoRT: 0
  m_OcclusionCulling: 1
  m_StereoConvergence: 10
  m_StereoSeparation: 0.022
  m_StereoMirrorMode: 0
--- !u!4 &2128048239
Transform:
  m_ObjectHideFlags: 0
  m_PrefabParentObject: {fileID: 0}
  m_PrefabInternal: {fileID: 0}
  m_GameObject: {fileID: 2128048234}
  m_LocalRotation: {x: -0, y: -0.17353234, z: -0, w: 0.98482823}
  m_LocalPosition: {x: 7.241, y: 3.381, z: 2.367}
  m_LocalScale: {x: 1, y: 1, z: 1}
  m_Children: []
  m_Father: {fileID: 0}
  m_RootOrder: 0
  m_LocalEulerAnglesHint: {x: 0, y: -19.987001, z: 0}
